
@book{elementi_di_crittografia,
    author={Bernasconi, Paolo Ferragina, Anna and Luccio, Fabrizio},
    year = {2015},
    title={Elementi di Crittografia},
    publisher = {Pisa University Press}
}

@misc{wiki:Legge_di_Moore,
   author = "Wikipedia",
   title = "{Legge di Moore} --- {W}ikipedia{,} The Free Encyclopedia",
   howpublished = {\url{https://it.wikipedia.org/wiki/Legge_di_Moore}}
 }

@misc{quantum_country,
   author = "Andy Matuschak and Michael Nielsen",
   title = "Quantum computing for the very curious",
   howpublished = {\url{https://quantum.country/qcvc}}
 }


@book{nielsen_chuang,
    author={Nielsen, Michael A. and Chuang, Isaac L.}, 
    year = {2010},
    title={Quantum Computation and Quantum Information}, 
    publisher = {Cambridge University Press}
}

@book{quantum_book_2,
    author={Noson S. Yanofsky and Mirco A. Mannucci}, 
    year = {2008},
    title={Quantum Computing for Computer Scientists}, 
    publisher = {Cambridge University Press}
}


% @article{nielsen_chuang,
%   title={Quantum search algorithms}, 
%   DOI={10.1017/cbo9780511976667.010}, 
%   journal={Quantum Computation and Quantum Information}, 
%   author={Nielsen, Michael A. and Chuang, Isaac L.}, 
%   year={2010},
% }



 @misc{mobius_digital,
    title={Mobius Digital}, 
    howpublished={\url{https://www.mobiusdigitalgames.com/}}, 
} 



 @misc{statista_videogames_billion,
    author="Clement, J.",
    title={Topic: Video game industry}, howpublished={\url{https://www.statista.com/topics/868/video-games/}}, 
} 
 
 @misc{wiki:Computer_quantistico,
   author = "Wikipedia",
   title = "{Computer quantistico} --- {W}ikipedia{,} The Free Encyclopedia",
   howpublished = {\url{https://it.wikipedia.org/wiki/Computer_quantistico}},
 }
 
  @misc{luciano_lenzini_quantum_history,
    author="Luciano Lenzini",
    title={Oltre i bit: la logica illogica dei quantum computer}, howpublished={\url{https://www.italian.tech/blog/quantum/2021/06/04/news/cosa_sono_i_quantum_computer_e_perche_ci_cambieranno_la_vita-304214663/}}, 
} 
 
 
 
 
 @misc{wootton_games_history,
    author="James Wootton",
    title={The History of Games for Quantum Computers}, howpublished={\url{https://decodoku.medium.com/the-history-of-games-for-quantum-computers-a1de98859b5a}}, 
} 

 @misc{wootton_cat_box_scissor,
    author="James Wootton",
    title={Introducing the world’s first game for a quantum computer}, howpublished={\url{https://decodoku.medium.com/introducing-the-worlds-first-game-for-a-quantum-computer-50640e3c22e4}}, 
}


 @misc{random_hadamard,
    author="Jack Krupansky",
    title={Quantum Advantage Now: Generation of True Random Numbers}, howpublished={\url{https://jackkrupansky.medium.com/quantum-advantage-now-generation-of-true-random-numbers-237d89f8a7f2}}, 
}



@misc{wiki:Quantum_supremacy,
   author = "Wikipedia",
   title = "{Quantum supremacy} --- {W}ikipedia{,} The Free Encyclopedia",
   year = "2021",
   howpublished = {\url{http://en.wikipedia.org/w/index.php?title=Quantum\%20supremacy}},
 }
 
@misc{wiki:IBM_Q_System_One,
   author = "Wikipedia",
   title = "{IBM Q System One} --- {W}ikipedia{,} The Free Encyclopedia",
   year = "2021",
   howpublished = {\url{https://en.wikipedia.org/wiki/IBM_Q_System_One}}
}


@misc{paul_rudd_chess,
    author="IQIM Caltech",
    title={Stephen Hawking faces Paul Rudd in epic chess match (feat. Keanu Reeves)}, howpublished={\url{https://www.youtube.com/watch?v=Hi0BzqV_b44}}
}

@misc{intel_quantum,
    author="Intel",
    title={Reinventing Data Processing with Quantum Computing}, howpublished={\url{https://www.intel.com/content/www/us/en/research/quantum-computing.html}}
}


@misc{crit_hit,
    author="serebii.net",
    title={Critical Hits}, howpublished={\url{https://www.serebii.net/games/criticalhits.shtml}}
}

 
 @misc{wootton_quantum_battleship,
    author="James Wootton",
    title={Quantum Battleships: The first multiplayer game for a quantum computer}, howpublished={\url{https://decodoku.medium.com/quantum-battleships-the-first-multiplayer-game-for-a-quantum-computer-e4d600ccb3f3}}, 
}

@misc{wootton_quantupus,
    author="James Wootton",
    title={Hunt the Quantupus},
    howpublished={\url{https://decodoku.itch.io/hunt-the-quantpus}}, 
}
 
@misc{wiki:Quantum_supremacy,
   author = "Wikipedia",
   title = "{Quantum supremacy} --- {W}ikipedia{,} The Free Encyclopedia",
   year = "2021",
   howpublished = {\url{http://en.wikipedia.org/w/index.php?title=Quantum\%20supremacy}},
 }
 
@misc{nature_quantum_supremacy_google,
    author="Arute, F., Arya, K., Babbush, R. et al.",
    title={Quantum supremacy using a programmable superconducting processor.},
    howpublished={\url{https://www.nature.com/articles/s41586-019-1666-5}}, 
}

@misc{wootton_puzzle,
    author="James Wootton",
    title={Using a simple puzzle game to benchmark quantum computers},
    howpublished={\url{https://decodoku.medium.com/understanding-quantum-computers-through-a-simple-puzzle-game-a290dde89fb2}}, 
}

@misc{wootton_puzzle_2,
    author="James Wootton",
    title={Getting to know your quantum processor},
    howpublished={\url{https://medium.com/qiskit/getting-to-know-your-quantum-processor-ea418867615f}}, 
}

 
@misc{wootton_helsinki,
    author="James Wootton",
    title={Gamers, physicists come together at fifth annual Quantum Jam in Helsinki},
    howpublished={\url{https://www.ibm.com/blogs/research/2019/03/quantum-ferris-wheel/}}, 
}

@misc{wootton_random_world,
    author="James Wootton",
    title={Creating infinite worlds with quantum computing},
    howpublished = {\url{https://medium.com/qiskit/creating-infinite-worlds-with-quantum-computing-5e998e6d21c2}}, 
}

@misc{wiki:The_Binding_of_Isaac:_Rebirth,
   author = "Wikipedia",
   title = "{The Binding of Isaac: Rebirth} --- {W}ikipedia{,} The Free Encyclopedia",
   year = "2021",
   howpublished = {\url{https://it.wikipedia.org/wiki/The_Binding_of_Isaac:_Rebirth}},
 }
 
@misc{wiki:No_Man's_Sky,
   author = "Wikipedia",
   title = "{No Man's Sky} --- {W}ikipedia{,} The Free Encyclopedia",
   year = "2021",
   howpublished = {\url{https://it.wikipedia.org/wiki/No_Man\%27s_Sky}},
 }
 
@misc{wiki:Minecraft,
   author = "Wikipedia",
   title = "{Minecraft} --- {W}ikipedia{,} The Free Encyclopedia",
   year = "2021",
   howpublished = {\url{https://it.wikipedia.org/wiki/Minecraft}},
 }
 

@misc{quantum_chess, 
    author = "Chris Cantwell",
    title = "{Quantum Chess}",
    howpublished = {\url{https://quantumchess.net}},
} 



@misc{quantum_chess_demonstration, 
    author = "TensorFlow",
    title = "{Introduction to Quantum Chess (Quantum Summer Symposium 2020)}",
    howpublished = {\url{https://www.youtube.com/watch?v=ec-Mb8OJuRg}},
} 


@misc{quantum_pokemon_fight,
    author = "Michaël Rollin",
    title = "{Quantum Pokémon Fight}",
    howpublished = {\url{https://fullstackquantumcomputation.tech/blog/post-quantum-pokemon-fight/#chap0}},
}

@misc{wiki:Pokemon,
   author = "Wikipedia",
   title = "{Pokémon} --- {W}ikipedia{,} The Free Encyclopedia",
   year = "2021",
   howpublished = {\url{https://it.wikipedia.org/wiki/Pok\%C3\%A9mon}},
 }


@book{aima,
  author={Norvig, Stuart Russell, Peter and Amigoni, Francesco},
  title={Intelligenza artificiale, un approccio moderno},
  year={2010},
  publisher={Pearson Italia}
}
 



@misc{wiki:Storia_dei_videogiochi,
   author = "Wikipedia",
   title = "{Storia dei videogiochi} --- {W}ikipedia{,} The Free Encyclopedia",
   year = "2021",
   howpublished = {\url{https://it.wikipedia.org/wiki/Storia_dei_videogiochi}}
}

@misc{wiki:Roguelike,
   author = "Wikipedia",
   title = "{Roguelike} --- {W}ikipedia{,} The Free Encyclopedia",
   year = "2021",
   howpublished = {\url{https://it.wikipedia.org/wiki/Roguelike}}
}

@misc{wiki:Quantum_game_theory,
   author = "Wikipedia",
   title = "{Quantum game theory} --- {W}ikipedia{,} The Free Encyclopedia",
   year = "2021",
   howpublished = {\url{http://en.wikipedia.org/w/index.php?title=Quantum\%20game\%20theory&oldid=978400994}},
}
